<?xml version="1.0" encoding="UTF-8"?>
<marc:record xmlns:marc="http://www.loc.gov/MARC21/slim" xmlns:xsi="http://www.w3.org/2001/XMLSchema-instance" xsi:schemaLocation="http://www.loc.gov/standards/marcxml/schema/MARC21slim.xsd">
  <marc:leader>00000ndd a2200000 u 4500</marc:leader>
  <marc:controlfield tag="001">300258066</marc:controlfield>
  <marc:controlfield tag="003">DE-633</marc:controlfield>
  <marc:controlfield tag="005">20210923120900.0</marc:controlfield>
  <marc:controlfield tag="008">121101##################################</marc:controlfield>
  <marc:datafield tag="031" ind1=" " ind2=" ">
    <marc:subfield code="a">50</marc:subfield>
    <marc:subfield code="b">1</marc:subfield>
    <marc:subfield code="c">1</marc:subfield>
    <marc:subfield code="g">C+1</marc:subfield>
    <marc:subfield code="m">Discantus</marc:subfield>
    <marc:subfield code="n">bB</marc:subfield>
    <marc:subfield code="o">o3/1</marc:subfield>
    <marc:subfield code="p">9'B1A/2BAB''C1D9C1'B/9.A9''D1D/</marc:subfield>
    <marc:subfield code="t">Sanctus, Dominus Deus Sabaoth</marc:subfield>
    <marc:subfield code="2">pe</marc:subfield>
  </marc:datafield>
  <marc:datafield tag="031" ind1=" " ind2=" ">
    <marc:subfield code="a">50</marc:subfield>
    <marc:subfield code="b">1</marc:subfield>
    <marc:subfield code="c">2</marc:subfield>
    <marc:subfield code="g">C+3</marc:subfield>
    <marc:subfield code="m">Altus</marc:subfield>
    <marc:subfield code="n">bB</marc:subfield>
    <marc:subfield code="o">o3/1</marc:subfield>
    <marc:subfield code="p">0--/9F1F9.F9bE1D9.D/0---/1FFF9F1F/FFG/</marc:subfield>
    <marc:subfield code="r">2tt</marc:subfield>
    <marc:subfield code="t">Sanctus, Dominus Deus Sabaoth</marc:subfield>
    <marc:subfield code="2">pe</marc:subfield>
  </marc:datafield>
  <marc:datafield tag="031" ind1=" " ind2=" ">
    <marc:subfield code="a">50</marc:subfield>
    <marc:subfield code="b">1</marc:subfield>
    <marc:subfield code="c">3</marc:subfield>
    <marc:subfield code="g">C+4</marc:subfield>
    <marc:subfield code="m">Tenor</marc:subfield>
    <marc:subfield code="n">bB</marc:subfield>
    <marc:subfield code="o">o3/1</marc:subfield>
    <marc:subfield code="p">9,G1xF/2GFGA1B/9A1G9.xF/9B1B</marc:subfield>
    <marc:subfield code="r">2tt</marc:subfield>
    <marc:subfield code="t">Sanctus, Dominus Deus Sabaoth</marc:subfield>
    <marc:subfield code="2">pe</marc:subfield>
  </marc:datafield>
  <marc:datafield tag="031" ind1=" " ind2=" ">
    <marc:subfield code="a">50</marc:subfield>
    <marc:subfield code="b">1</marc:subfield>
    <marc:subfield code="c">4</marc:subfield>
    <marc:subfield code="g">F+4</marc:subfield>
    <marc:subfield code="m">Bassus</marc:subfield>
    <marc:subfield code="n">bB</marc:subfield>
    <marc:subfield code="o">o3/1</marc:subfield>
    <marc:subfield code="p">9,G1D/9G2DE/9xF1G9.D/9B1,,B/1.,F2bE1D/</marc:subfield>
    <marc:subfield code="r">2tt</marc:subfield>
    <marc:subfield code="t">Sanctus, Dominus Deus Sabaoth</marc:subfield>
    <marc:subfield code="2">pe</marc:subfield>
  </marc:datafield>
  <marc:datafield tag="031" ind1=" " ind2=" ">
    <marc:subfield code="a">50</marc:subfield>
    <marc:subfield code="b">2</marc:subfield>
    <marc:subfield code="c">1</marc:subfield>
    <marc:subfield code="g">C+1</marc:subfield>
    <marc:subfield code="m">Discantus</marc:subfield>
    <marc:subfield code="n">bB</marc:subfield>
    <marc:subfield code="o">o3/1</marc:subfield>
    <marc:subfield code="p">9'G1xF/9G1.nF2G1AG/9F1B/1.B2B1B</marc:subfield>
    <marc:subfield code="r">2tt</marc:subfield>
    <marc:subfield code="t">Agnus Dei qui tollis peccata mundi</marc:subfield>
    <marc:subfield code="2">pe</marc:subfield>
  </marc:datafield>
  <marc:datafield tag="031" ind1=" " ind2=" ">
    <marc:subfield code="a">50</marc:subfield>
    <marc:subfield code="b">2</marc:subfield>
    <marc:subfield code="c">2</marc:subfield>
    <marc:subfield code="g">C+3</marc:subfield>
    <marc:subfield code="m">Altus</marc:subfield>
    <marc:subfield code="n">bB</marc:subfield>
    <marc:subfield code="o">o3/1</marc:subfield>
    <marc:subfield code="p">0-9-/1--F/1.F2F1F/9F1F/9.E/9.D/1D2FFGG/</marc:subfield>
    <marc:subfield code="r">2tt</marc:subfield>
    <marc:subfield code="t">Agnus Dei qui tollis peccata mundi</marc:subfield>
    <marc:subfield code="2">pe</marc:subfield>
  </marc:datafield>
  <marc:datafield tag="031" ind1=" " ind2=" ">
    <marc:subfield code="a">50</marc:subfield>
    <marc:subfield code="b">2</marc:subfield>
    <marc:subfield code="c">3</marc:subfield>
    <marc:subfield code="g">C+4</marc:subfield>
    <marc:subfield code="m">Tenor</marc:subfield>
    <marc:subfield code="n">bB</marc:subfield>
    <marc:subfield code="o">o3/1</marc:subfield>
    <marc:subfield code="p">91,BA/1.21B'CD91C,B/A'D/1.21DDD/1CCD/</marc:subfield>
    <marc:subfield code="r">2tt</marc:subfield>
    <marc:subfield code="t">Agnus Dei qui tollis peccata mundi</marc:subfield>
    <marc:subfield code="2">pe</marc:subfield>
  </marc:datafield>
  <marc:datafield tag="031" ind1=" " ind2=" ">
    <marc:subfield code="a">50</marc:subfield>
    <marc:subfield code="b">2</marc:subfield>
    <marc:subfield code="c">4</marc:subfield>
    <marc:subfield code="g">F+4</marc:subfield>
    <marc:subfield code="m">Bassus</marc:subfield>
    <marc:subfield code="n">bB</marc:subfield>
    <marc:subfield code="o">o3/1</marc:subfield>
    <marc:subfield code="p">9,,G1,D/1.,,G2A1B/9F1G9,D1,,B/1.B2B1B/,FF</marc:subfield>
    <marc:subfield code="r">2tt</marc:subfield>
    <marc:subfield code="t">Agnus Dei qui tollis peccata mundi</marc:subfield>
    <marc:subfield code="2">pe</marc:subfield>
  </marc:datafield>
  <marc:datafield tag="040" ind1=" " ind2=" ">
    <marc:subfield code="a">DE-633</marc:subfield>
  </marc:datafield>
  <marc:datafield tag="041" ind1="0" ind2=" ">
    <marc:subfield code="a">lat</marc:subfield>
  </marc:datafield>
  <marc:datafield tag="100" ind1="1" ind2=" ">
    <marc:subfield code="a">Anonymus</marc:subfield>
    <marc:subfield code="0">pe30004985</marc:subfield>
  </marc:datafield>
  <marc:datafield tag="240" ind1="1" ind2="0">
    <marc:subfield code="a">Sanctus and Agnus Dei</marc:subfield>
    <marc:subfield code="m">V (4)</marc:subfield>
    <marc:subfield code="r">2tt</marc:subfield>
    <marc:subfield code="0">3916492</marc:subfield>
  </marc:datafield>
  <marc:datafield tag="245" ind1="1" ind2="0">
    <marc:subfield code="a">[parts:] Ad Missam In Natali Domini</marc:subfield>
  </marc:datafield>
  <marc:datafield tag="300" ind1=" " ind2=" ">
    <marc:subfield code="a">4 partbooks</marc:subfield>
    <marc:subfield code="c">21 cm x 27,5 cm</marc:subfield>
    <marc:subfield code="8">01</marc:subfield>
  </marc:datafield>
  <marc:datafield tag="500" ind1=" " ind2=" ">
    <marc:subfield code="a">[pl-text: Powiązania materiału muzycznego i tytuł wskazują, że części te mogły być uzupełnieniem do zamieszczonego wcześniej Credo (Kk.I.2/49).]</marc:subfield>
  </marc:datafield>
  <marc:datafield tag="590" ind1=" " ind2=" ">
    <marc:subfield code="a">Discantus, A, T, B</marc:subfield>
    <marc:subfield code="b">f.80v-81v, 85v-86v, 79r-80r, 81r-83r</marc:subfield>
    <marc:subfield code="8">01</marc:subfield>
  </marc:datafield>
  <marc:datafield tag="593" ind1=" " ind2=" ">
    <marc:subfield code="a">Manuscript copy</marc:subfield>
    <marc:subfield code="8">01</marc:subfield>
  </marc:datafield>
  <marc:datafield tag="594" ind1=" " ind2=" ">
    <marc:subfield code="b">S</marc:subfield>
    <marc:subfield code="c">1</marc:subfield>
  </marc:datafield>
  <marc:datafield tag="594" ind1=" " ind2=" ">
    <marc:subfield code="b">A</marc:subfield>
    <marc:subfield code="c">1</marc:subfield>
  </marc:datafield>
  <marc:datafield tag="594" ind1=" " ind2=" ">
    <marc:subfield code="b">T</marc:subfield>
    <marc:subfield code="c">1</marc:subfield>
  </marc:datafield>
  <marc:datafield tag="594" ind1=" " ind2=" ">
    <marc:subfield code="b">B</marc:subfield>
    <marc:subfield code="c">1</marc:subfield>
  </marc:datafield>
  <marc:datafield tag="594" ind1=" " ind2=" ">
    <marc:subfield code="a">S, A, T, B</marc:subfield>
  </marc:datafield>
  <marc:datafield tag="599" ind1=" " ind2=" ">
    <marc:subfield code="b">full</marc:subfield>
  </marc:datafield>
  <marc:datafield tag="650" ind1="0" ind2="7">
    <marc:subfield code="a">Masses</marc:subfield>
    <marc:subfield code="0">25133</marc:subfield>
  </marc:datafield>
  <marc:datafield tag="657" ind1=" " ind2="7">
    <marc:subfield code="a">Nativitas Domini</marc:subfield>
    <marc:subfield code="0">24268</marc:subfield>
  </marc:datafield>
  <marc:datafield tag="691" ind1=" " ind2="7">
    <marc:subfield code="a">Głuszcz-ZwolińskaW 1972</marc:subfield>
    <marc:subfield code="0">lit2816</marc:subfield>
  </marc:datafield>
  <marc:datafield tag="700" ind1="1" ind2=" ">
    <marc:subfield code="a">Copyist L</marc:subfield>
    <marc:subfield code="j">Ascertained</marc:subfield>
    <marc:subfield code="0">pe30096999</marc:subfield>
    <marc:subfield code="4">scr</marc:subfield>
    <marc:subfield code="8">01</marc:subfield>
  </marc:datafield>
  <marc:datafield tag="773" ind1="1" ind2="8">
    <marc:subfield code="a">- 55 Sacred songs - V (4)</marc:subfield>
    <marc:subfield code="w">300258016</marc:subfield>
  </marc:datafield>
  <marc:datafield tag="852" ind1=" " ind2=" ">
    <marc:subfield code="a">PL-Kk</marc:subfield>
    <marc:subfield code="e">Archiwum i Biblioteka Krakowskiej Kapituły Katedralnej</marc:subfield>
    <marc:subfield code="x">ks30002080</marc:subfield>
    <marc:subfield code="c">Kk.I.2</marc:subfield>
    <marc:subfield code="p"/>
    <marc:subfield code="q"/>
    <marc:subfield code="u"/>
    <marc:subfield code="z"/>
  </marc:datafield>
  <marc:datafield tag="980" ind1=" " ind2=" ">
    <marc:subfield code="a">RISM</marc:subfield>
    <marc:subfield code="c">examined</marc:subfield>
  </marc:datafield>
</marc:record>
